<?xml version="1.0" encoding="UTF-8"?><collection xmlns="http://www.loc.gov/MARC21/slim"><record><leader>00367nam--2200145-i-4500</leader><controlfield tag="001">000045033</controlfield><controlfield tag="002">20161230</controlfield><controlfield tag="005">20161230201044</controlfield><controlfield tag="008">060222s1000------------r-----000-0-eng-d</controlfield><datafield ind1=" " ind2=" " tag="080"><subfield code="a">517.512.2</subfield></datafield><datafield ind1=" " ind2=" " tag="100"><subfield code="a">Tolstov, G.P</subfield></datafield><datafield ind1=" " ind2=" " tag="245"><subfield code="a">Serii fourier. trad.din l.rusa</subfield></datafield><datafield ind1=" " ind2=" " tag="260"><subfield code="a">Bucuresti, Ed.Tehnica, 1955, 352p</subfield></datafield><datafield ind1=" " ind2=" " tag="852"><subfield code="a">3872</subfield><subfield code="c">517.5</subfield></datafield><datafield ind1=" " ind2=" " tag="CAT"><subfield code="a">Sys</subfield><subfield code="c">20080725</subfield><subfield code="h">090709</subfield></datafield></record></collection>